@article{ieee802154,
  author={},
  journal={IEEE Std 802.15.4z-2020 (Amendment to IEEE Std 802.15.4-2020)}, 
  title={{IEEE Standard for Low-Rate Wireless Networks -- Amendment 1: Enhanced Ultra Wideband (UWB) Physical Layers (PHYs) and Associated Ranging Techniques}}, 
  year={2020},
  volume={},
  number={},
  pages={1-174},
  doi={10.1109/ieeestd.2020.9179124}
}

@misc{simone_angarano_2020_4399187,
  author = {Simone Angarano and Vittorio Mazzia and Francesco Salvetti and Giovanni Fantin and Marcello Chiaberge},
  title = {{Deep UWB}},
  year = {2020},
  publisher = {Zenodo},
  doi = {10.5281/zenodo.4290068},
}

@inproceedings{Abbas2019Wifi,
 author = {Abbas, Moustafa and Elhamshary, Moustafa and Rizk, Hamada and Torki, Marwan and Youssef, Moustafa},
 booktitle = {2019 IEEE International Conference on Pervasive Computing and Communications (PerCom)},
 doi = {10.1109/percom.2019.8767421},
 number = {},
 pages = {1-10},
 title = {{WiDeep: WiFi-based Accurate and Robust Indoor Localization System using Deep Learning}},
 volume = {},
 year = {2019}
}

@inproceedings{abbasi2021novel,
  author={Abbasi, Arash and Liu, Huaping},
  booktitle={2021 IEEE 11th Annual Computing and Communication Workshop and Conference (CCWC)}, 
  title={{Novel Cascade CNN Algorithm for UWB Signal Denoising, Compressing, and ToA Estimation}}, 
  year={2021},
  volume={},
  number={},
  pages={0721-0725},
  doi={10.1109/ccwc51732.2021.9376176}
}

@article{Ahmed2024BLE,
title = {{On the accuracy of BLE indoor localization systems: An assessment survey}},
journal = {Computers and Electrical Engineering},
volume = {118},
pages = {109455},
year = {2024},
doi = {10.1016/j.compeleceng.2024.109455},
url = {https://www.sciencedirect.com/science/article/pii/S0045790624003823},
author = {Ahmed A. Morgan},
}

@article{alarifi2016ultra,
 author = {Alarifi, Abdulrahman and Al-Salman, AbdulMalik and Alsaleh, Mansour and Alnafessah, Ahmad and Al-Hadhrami, Suheer and Al-Ammar, Mai A and Al-Khalifa, Hend S},
 doi = {10.3390/s16050707},
 journal = {Sensors},
 number = {5},
 pages = {707},
 publisher = {MDPI},
 title = {{Ultra wideband indoor positioning technologies: Analysis and recent advances}},
 volume = {16},
 year = {2016}
}

@article{Ali2021IMU,
 author = {Ali, Rashid and Liu, Ran and Nayyar, Anand and Qureshi, Basit and Cao, Zhiqiang},
 doi = {10.1109/access.2021.3132645},
 journal = {IEEE Access},
 pages = {164206-164222},
 title = {{Tightly Coupling Fusion of UWB Ranging and IMU Pedestrian Dead Reckoning for Indoor Localization}},
 volume = {9},
 year = {2021}
}

@article{Asaad2022Review,
 author = {Safar M. Asaad and Halgurd S Maghdid},
 doi = {10.1016/j.comnet.2022.109041},
 journal = {Computer Networks},
 pages = {109041},
 title = {{A Comprehensive Review of Indoor/Outdoor Localization Solutions in IoT era: Research Challenges and Future Perspectives}},
 volume = {212},
 year = {2022}
}

@inproceedings{blake2014construction,
 author = {Blake, Samuel T and Tirkel, Andrew Z},
 booktitle = {Sequences and Their Applications - SETA 2014},
 doi = {10.1007/978-3-319-12325-7_9},
 organization = {Springer},
 publisher = {Springer International Publishing},
 pages = {104-108},
 title = {{A Construction for Perfect Periodic Autocorrelation Sequences}},
 year = {2014}
}

@article{BLE_prop2,
  author={Zhuang, Yuan and Zhang, Chongyang and Huai, Jianzhu and Li, You and Chen, Liang and Chen, Ruizhi},
  journal={IEEE Internet of Things Journal}, 
  title={{Bluetooth Localization Technology: Principles, Applications, and Future Trends}}, 
  year={2022},
  volume={9},
  number={23},
  pages={23506-23524},
  doi={10.1109/jiot.2022.3203414}
}

@article{Che2022UWB,
 author = {Che, Fuhu and Ahmed, Qasim Zeeshan and Fontaine, Jaron and Van Herbruggen, Ben and Shahid, Adnan and De Poorter, Eli and Lazaridis, Pavlos I.},
 doi = {10.1109/jsen.2022.3198680},
 journal = {IEEE Sensors Journal},
 number = {19},
 pages = {18726-18739},
 title = {{Feature-Based Generalized Gaussian Distribution Method for NLoS Detection in Ultra-Wideband (UWB) Indoor Positioning System}},
 volume = {22},
 year = {2022}
}

@article{Chen2022LIDAR,
 article-number = {1380},
 author = {Chen, Zhijian and Xu, Aigong and Sui, Xin and Wang, Changqiang and Wang, Siyu and Gao, Jiaxin and Shi, Zhengxu},
 doi = {10.3390/rs14061380},
 issn = {2072-4292},
 journal = {Remote Sensing},
 number = {6},
 title = {{Improved-UWB/LiDAR-SLAM Tightly Coupled Positioning System with NLOS Identification Using a LiDAR Point Cloud in GNSS-Denied Environments}},
 volume = {14},
 year = {2022}
}

@article{cheraghinia2024comprehensive,
 author= {Cheraghinia, Mohammad and Shahid, Adnan and Luchie, Stijn and Gordebeke, Gert-Jan and Caytan, Olivier and Fontaine, Jaron and Herbruggen, Ben Van and Lemey, Sam and Poorter, Eli De},
 doi = {10.1109/comst.2024.3488173},
 journal = {IEEE Communications Surveys \& Tutorials},
 publisher = {IEEE},
title = {{A Comprehensive Overview on UWB Radar: Applications, Standards, Signal Processing Techniques, Datasets, Radio Chips, Trends and Future Research Directions}}, 
 year = {2024}
}

@article{coppens2024removing,
 author = {Coppens, Dieter and van Herbruggen, Ben and Shahid, Adnan and de Poorter, Eli},
 doi = {10.1109/tmlcn.2024.3469128},
 journal = {IEEE Transactions on Machine Learning in Communications and Networking},
 publisher = {IEEE},
 title = {{Removing the Need for Ground Truth UWB Data Collection: Self-Supervised Ranging Error Correction Using Deep Reinforcement Learning}},
 year = {2024},
 volume={2},
 pages={1615-1627},
}

@article{dardari2009ranging,
 author = {Dardari, Davide and Conti, Andrea and Ferner, Ulric and Giorgetti, Andrea and Win, Moe Z},
 doi = {10.1109/jproc.2008.2008846},
 journal = {Proceedings of the IEEE},
 number = {2},
 pages = {404-426},
 publisher = {IEEE},
 title = {{Ranging With Ultrawide Bandwidth Signals in Multipath Environments}}, 
 volume = {97},
 year = {2009}
}

@article{Dyhdalovych2025BLE,
 author = {Ostap Dyhdalovych and Andrii Yaroshevych and Oleg Kapshii and Igor Kravets and Oleg Farenyuk},
 doi = {10.1007/s11235-024-01230-6},
 journal = {Telecommunication Systems},
 number = {1},
 pages = {1-14},
 number = {9},
 title = {{Particle filter-based BLE and IMU fusion algorithm for indoor localization}},
 volume = {88},
 year = {2025}
}

@article{falconer1995time,
 author = {Falconer, David D and Adachi, Fumiyuki and Gudmundson, Bjorn},
 doi = {10.1109/35.339881},
 journal = {IEEE Communications Magazine},
 number = {1},
 pages = {50-57},
 publisher = {IEEE},
 title = {{Time division multiple access methods for wireless personal communications}},
 volume = {33},
 year = {1995}
}

@article{ferreira2021feature,
 author={Ferreira, André G. and Fernandes, Duarte and Branco, Sérgio and Catarino, André Paulo and Monteiro, João L.},
 doi = {10.1109/tim.2021.3070619},
 journal = {IEEE Transactions on Instrumentation and Measurement},
 pages = {1-10},
 publisher = {IEEE},
 title = {{Feature Selection for Real-Time NLOS Identification and Mitigation for Body-Mounted UWB Transceivers}},
 volume = {70},
 year = {2021}
}

@article{fontaine2023transfer,
 author = {Fontaine, Jaron and Che, Fuhu and Shahid, Adnan and Van Herbruggen, Ben and Ahmed, Qasim Zeeshan and Abbas, Waqas Bin and De Poorter, Eli},
 doi = {10.1109/jiot.2023.3299319},
 journal = {IEEE Internet of Things Journal},
 number = {3},
 pages = {4085-4101},
 publisher = {IEEE},
 title = {{Transfer Learning for UWB Error Correction and (N)LOS Classification in Multiple Environments}},
 volume = {11},
 year = {2024}
}

@inproceedings{horiba2015improved,
 author = {Horiba, Manato and Okamoto, Eiji and Shinohara, Toshiko and Matsumura, Katsuhiko},
 booktitle = {2015 International Conference on Information Networking (ICOIN)},
 doi = {10.1109/icoin.2015.7057951},
 organization = {IEEE},
 pages = {478-482},
 title = {{An improved NLOS detection scheme using stochastic characteristics for indoor localization}},
 year = {2015}
}

@inproceedings{hyun2019uwb,
 author = {Hyun, Jieum and Oh, Taekjun and Lim, Hyungtae and Myung, Hyun},
 booktitle = {2019 16th International Conference on Ubiquitous Robots (UR)},
 doi = {10.1109/urai.2019.8768568},
 organization = {IEEE},
 pages = {98-101},
 title = {{UWB-based Indoor Localization Using Ray-tracing Algorithm}},
 year = {2019}
}

@article{ieee80211,
 author = {Crow, B.P. and Widjaja, I. and Kim, J.G. and Sakai, P.T.},
 doi = {10.1109/35.620533},
 journal = {IEEE Communications Magazine},
 number = {9},
 pages = {116-126},
 title = {{IEEE 802.11 Wireless Local Area Networks}},
 volume = {35},
 year = {1997}
}

@article{Elikplim2024survey,
author = {Nkrow, Raphael Elikplim and Silva, Bruno and Boshoff, Dutliff and Hancke, Gerhard and Gidlund, Mikael and Abu-Mahfouz, Adnan},
title = {{NLOS Identification and Mitigation for Time-based Indoor Localization Systems: Survey and Future Research Directions}},
year = {2024},
publisher = {Association for Computing Machinery},
address = {New York, NY, USA},
volume = {56},
number = {12},
doi = {10.1145/3663473},
journal = {ACM Computing Surveys},
articleno = {303},
numpages = {41},
}

@article{indoor2022Farahsari,
 author = {Farahsari, Pooyan Shams and Farahzadi, Amirhossein and Rezazadeh, Javad and Bagheri, Alireza},
 doi = {10.1109/jiot.2022.3149048},
 journal = {IEEE Internet of Things Journal},
 keywords = {Internet of Things;Location awareness;IP networks;Manganese;Global Positioning System;Wireless communication;Wireless fidelity;Algorithms and vendors;indoor localization;indoor positioning systems (IPSs);Internet of Things (IoT) applications;localization technique;localization technology;location-based services (LBSs)},
 number = {10},
 pages = {7680-7699},
 title = {{A Survey on Indoor Positioning Systems for IoT-Based Applications}},
 volume = {9},
 year = {2022}
}

@article{Jia2022UWB,
 author = {Jia, Jingting and Guo, Kexin and Li, Wenshuo and Yu, Xiang and Guo, Lei},
 doi = {10.1109/TIM.2022.3151934},
 journal = {IEEE Transactions on Instrumentation and Measurement},
 keywords = {Location awareness;Noise measurement;Autonomous aerial vehicles;Uncertainty;Nonlinear optics;Kalman filters;Measurement uncertainty;Composite filtering;quadrotor UAV;skew-t noise;UWB localization;wind disturbance},
 number = {},
 pages = {1-13},
 title = {Composite Filtering for UWB-Based Localization of Quadrotor UAV With Skewed Measurements and Uncertain Dynamics},
 volume = {71},
 year = {2022}
}

@article{jiang2020uwb,
 author = {Jiang, Changhui and Shen, Jichun and Chen, Shuai and Chen, Yuwei and Liu, Di and Bo, Yuming},
 doi = {10.1109/lcomm.2020.2999904},
 journal = {IEEE Communications Letters},
 number = {10},
 pages = {2226--2230},
 publisher = {IEEE},
 title = {UWB NLOS/LOS classification using deep learning method},
 volume = {24},
 year = {2020}
}

@inproceedings{Jianyong2014BLE_RSSI,
 author = {Jianyong, Zhu and Haiyong, Luo and Zili, Chen and Zhaohui, Li},
 booktitle = {2014 International Conference on Indoor Positioning and Indoor Navigation ({IPIN})},
 doi = {10.1109/IPIN.2014.7275525},
 keywords = {Real-time systems;Training;Bluetooth;Accuracy;Training data;Fitting;Filtering algorithms;Bluetooth Low Energy;Active Learning;Gaussian Filter;Triangle Trilateral Relations Theorem;Taylor series expansion},
 number = {},
 pages = {526-533},
 title = {{RSSI} based {B}luetooth {L}ow {E}nergy indoor positioning},
 volume = {},
 year = {2014}
}

@article{julier2004unscented,
 author = {Julier, Simon J and Uhlmann, Jeffrey K},
 doi = {10.1109/jproc.2003.823141},
 journal = {Proceedings of the IEEE},
 number = {3},
 pages = {401--422},
 publisher = {IEEE},
 title = {Unscented filtering and nonlinear estimation},
 volume = {92},
 year = {2004}
}

@article{Khan2022UWB,
 author = {Khan, Faheem and Azou, Stéphane and Youssef, Roua and Morel, Pascal and Radoi, Emanuel and Dobre, Octavia A.},
 doi = {10.1109/TIM.2022.3150582},
 journal = {IEEE Transactions on Instrumentation and Measurement},
 keywords = {Radar;Clutter;Sensors;Location awareness;Radar detection;Radar tracking;Feature extraction;Collision avoidance;human detection and localization;impulse radio ultrawideband (UWB);monostatic radar array;multipath;smart sensing},
 number = {},
 pages = {1-13},
 title = {An IR-UWB Multi-Sensor Approach for Collision Avoidance in Indoor Environments},
 volume = {71},
 year = {2022}
}

@article{khodjaev2010survey,
author = {Khodjaev, Jasurbek and Park, Yongwan and Malik, Aamir},
year = {2010},
pages = {301-311},
publisher = {Springer},
title = {Survey of NLOS Identification and Error Mitigation Problems in UWB-Based Positioning Algorithms for Dense Environments},
volume = {65},
journal = {Annales des Télécommunications},
doi = {10.1007/s12243-009-0124-z}
}

@article{Kim2021IMU,
 author = {Kim, Dae-Ho and Pyun, Jae-Young},
 doi = {10.1109/ACCESS.2021.3098416},
 journal = {IEEE Access},
 keywords = {Distance measurement;Time of arrival estimation;IP networks;Dead reckoning;Ultra wideband technology;Performance evaluation;Indoor positioning;ultra-wideband (UWB);pedestrian dead-reckoning (PDR);Kalman filter (KF) sensor fusion;hybrid positioning},
 number = {},
 pages = {102917-102929},
 title = {NLOS Identification Based UWB and PDR Hybrid Positioning System},
 volume = {9},
 year = {2021}
}

@article{Kim2023NLOS,
 author = {Kim, Dae-Ho and Farhad, Arshad and Pyun, Jae-Young},
 doi = {10.1109/JIOT.2022.3209735},
 journal = {IEEE Internet of Things Journal},
 keywords = {Distance measurement;Performance evaluation;Location awareness;Internet of Things;Channel estimation;Indoor environment;Training;Deep learning (DL);extended Kalman filter (EKF);indoor positioning system (IPS);location-based service (LBS);long short-term memory (LSTM);ultrawideband (UWB)},
 number = {2},
 pages = {1822-1835},
 title = {UWB Positioning System Based on LSTM Classification With Mitigated NLOS Effects},
 volume = {10},
 year = {2023}
}

@article{Lee2023CIR,
 article-number = {7093},
 author = {Lee, Gun and An, Subin and Jang, Byung-Jun and Lee, Soochahn},
 doi = {10.3390/s23167093},
 issn = {1424-8220},
 journal = {Sensors},
 number = {16},
 pubmedid = {37631630},
 title = {Deep Learning for Counting People from UWB Channel Impulse Response Signals},
 volume = {23},
 year = {2023}
}

@article{leitch2023indoor,
 author = {Leitch, Samuel G and Ahmed, Qasim Zeeshan and Abbas, Waqas Bin and Hafeez, Maryam and Laziridis, Pavlos I and Sureephong, Pradorn and Alade, Temitope},
 doi = {10.3390/s23208598},
 journal = {Sensors},
 number = {20},
 pages = {8598},
 publisher = {MDPI},
 title = {On indoor localization using WiFi, BLE, UWB, and IMU technologies},
 volume = {23},
 year = {2023}
}

@article{li2023unsupervised,
 author = {Li, Zhihang and Hu, Keke and Wang, Tianyu and Cui, Shulin and Shen, Yuan},
 doi = {10.1109/lcomm.2023.3325288},
 journal = {IEEE Communications Letters},
 number = {12},
 pages = {3215--3219},
 publisher = {IEEE},
 title = {An Unsupervised Transfer Learning Method for UWB Ranging Error Mitigation},
 volume = {27},
 year = {2023}
}

@article{marano2010nlos,
 author = {Marano, Stefano and Gifford, Wesley M and Wymeersch, Henk and Win, Moe Z},
 doi = {10.1109/jsac.2010.100907},
 journal = {IEEE Journal on selected areas in communications},
 number = {7},
 pages = {1026--1035},
 publisher = {IEEE},
 title = {NLOS identification and mitigation for localization based on UWB experimental data},
 volume = {28},
 year = {2010}
}

@article{mazhar2017precise,
 author = {Mazhar, Fazeelat and Khan, Muhammad Gufran and S{\"a}llberg, Benny},
 doi = {10.1007/s11277-017-4734-x},
 journal = {Wireless Personal Communications},
 number = {3},
 pages = {4467--4491},
 publisher = {Springer},
 title = {Precise indoor positioning using UWB: A review of methods, algorithms and implementations},
 volume = {97},
 year = {2017}
}

@inproceedings{mcelroy2014comparison,
 author = {McElroy, Ciaran and Neirynck, Dries and McLaughlin, Michael},
 booktitle = {2014 IEEE International Conference on Communications Workshops (ICC)},
 doi = {10.1109/iccw.2014.6881189},
 organization = {IEEE},
 pages = {157--162},
 title = {Comparison of wireless clock synchronization algorithms for indoor location systems},
 year = {2014}
}

@article{musa2019decision,
 author = {Musa, Ardiansyah and Nugraha, Gde Dharma and Han, Hyojeong and Choi, Deokjai and Seo, Seongho and Kim, Juseok},
 doi = {10.20944/preprints201807.0155.v1},
 journal = {International Journal of Communication Systems},
 number = {13},
 pages = {e3997},
 publisher = {Wiley Online Library},
 title = {A decision tree-based NLOS detection method for the UWB indoor location tracking accuracy improvement},
 volume = {32},
 year = {2019}
}

@article{Naheem2022IMU,
 article-number = {8160},
 author = {Naheem, Khawar and Kim, Mun Sang},
 doi = {10.3390/s22218160},
 issn = {1424-8220},
 journal = {Sensors},
 number = {21},
 pubmedid = {36365858},
 title = {A Low-Cost Foot-Placed UWB and IMU Fusion-Based Indoor Pedestrian Tracking System for IoT Applications},
 volume = {22},
 year = {2022}
}

@inproceedings{neirynck2016alternative,
 author = {Neirynck, Dries and Luk, Eric and McLaughlin, Michael},
 booktitle = {2016 13th workshop on positioning, navigation and communications (WPNC)},
 doi = {10.1109/wpnc.2016.7822844},
 organization = {IEEE},
 pages = {1--4},
 title = {An alternative double-sided two-way ranging method},
 year = {2016}
}

@inproceedings{Palumbo2015RSS,
 author = {Palumbo, Filippo and Barsocchi, Paolo and Chessa, Stefano and Augusto, Juan Carlos},
 booktitle = {2015 12th IEEE International Conference on Advanced Video and Signal Based Surveillance (AVSS)},
 doi = {10.1109/AVSS.2015.7301734},
 keywords = {Bluetooth;Mobile nodes;Wireless sensor networks;IEEE 802.11 Standard;Global Positioning System;Hardware},
 number = {},
 pages = {1-6},
 title = {A stigmergic approach to indoor localization using {B}luetooth {L}ow {E}nergy beacons},
 volume = {},
 year = {2015}
}

@article{pei2024fcn,
 author = {Pei, Yu and Chen, Ruizhi and Li, Deren and Xiao, Xiongwu and Zheng, Xingyu},
 doi = {10.1080/10095020.2023.2178334},
 journal = {Geo-Spatial Information Science},
 number = {4},
 pages = {1162--1181},
 publisher = {Taylor \& Francis},
 title = {FCN-Attention: A deep learning UWB NLOS/LOS classification algorithm using fully convolution neural network with self-attention mechanism},
 volume = {27},
 year = {2024}
}

@inproceedings{Pelant2017RSSFinger,
 author = {Pelant, Jan and Tlamsa, Zdenek and Benes, Vlastimil and Polak, Ladislav and Kaller, Ondrej and Bolecek, Libor and Kufa, Jan and Sebesta, Jiri and Kratochvil, Tomas},
 booktitle = {2017 27th International Conference Radioelektronika},
 doi = {10.1109/RADIOELEK.2017.7937584},
 keywords = {Antenna measurements;Antenna arrays;Fingerprint recognition;RF signals;Mathematical model;Radio frequency;Bluetooth;BLE;localization;healthcare;indoor scenario;Ray-Tracing;RSS;antenna array;RF measurement;5G},
 number = {},
 pages = {1-5},
 title = {{BLE} device indoor localization based on {RSS} fingerprinting mapped by propagation modes},
 volume = {},
 year = {2017}
}

@article{Peng2022Visual,
 article-number = {1394},
 author = {Peng, Pingping and Yu, Chao and Xia, Qihao and Zheng, Zhengqi and Zhao, Kun and Chen, Wen},
 doi = {10.3390/s22041394},
 issn = {1424-8220},
 journal = {Sensors},
 number = {4},
 pubmedid = {35214294},
 title = {An Indoor Positioning Method Based on UWB and Visual Fusion},
 volume = {22},
 year = {2022}
}

@article{qi2024current,
 author = {Qi, Lin and Liu, Yu and Yu, Yue and Chen, Liang and Chen, Ruizhi},
 doi = {10.3390/rs16020398},
 journal = {Remote Sensing},
 number = {2},
 pages = {398},
 publisher = {MDPI},
 title = {Current status and future trends of meter-level indoor positioning technology: A review},
 volume = {16},
 year = {2024}
}

@article{Qu_2023,
 author = {Junwei Qu},
 doi = {10.1088/1742-6596/2669/1/012003},
 journal = {Journal of Physics: Conference Series},
 number = {1},
 pages = {012003},
 publisher = {IOP Publishing},
 title = {A review of UWB indoor positioning},
 volume = {2669},
 year = {2023}
}

@article{savic2015kernel,
 author = {Savic, Vladimir and Larsson, Erik G and Ferrer-Coll, Javier and Stenumgaard, Peter},
 doi = {10.1109/twc.2015.2496584},
 journal = {IEEE Transactions on Wireless Communications},
 number = {3},
 pages = {1783--1793},
 publisher = {IEEE},
 title = {Kernel methods for accurate UWB-based ranging with reduced complexity},
 volume = {15},
 year = {2015}
}

@inproceedings{schroeder2007nlos,
 author = {Schroeder, Jens and Galler, Stefan and Kyamakya, Kyandoghere and Jobmann, Klaus},
 booktitle = {2007 4th Workshop on Positioning, Navigation and Communication},
 doi = {10.1109/wpnc.2007.353628},
 organization = {IEEE},
 pages = {159--166},
 title = {NLOS detection algorithms for ultra-wideband localization},
 year = {2007}
}

@inproceedings{shaheen2016impact,
 author = {Shaheen, Fatma and Verma, Brijesh and Asafuddoula, Md},
 booktitle = {2016 International conference on digital image computing: techniques and applications (DICTA)},
 doi = {10.1109/dicta.2016.7797053},
 organization = {IEEE},
 pages = {1--8},
 title = {Impact of automatic feature extraction in deep learning architecture},
 year = {2016}
}

@inproceedings{shi2014rss,
 author = {Shi, Xiufang and Chew, Yong Huat and Yuen, Chau and Yang, Zaiyue},
 booktitle = {2014 IEEE International Conference on Communications (ICC)},
 doi = {10.1109/icc.2014.6883312},
 organization = {IEEE},
 pages = {160--165},
 title = {A RSS-EKF localization method using HMM-based LOS/NLOS channel identification},
 year = {2014}
}

@article{Simone2021UWB,
 author = {Simone Angarano and Vittorio Mazzia and Francesco Salvetti and Giovanni Fantin and Marcello Chiaberge},
 doi = {10.1016/j.engappai.2021.104278},
 issn = {0952-1976},
 journal = {Engineering Applications of Artificial Intelligence},
 keywords = {Deep learning, Ultra-wideband, Edge AI, Indoor positioning},
 pages = {104278},
 title = {Robust ultra-wideband range error mitigation with deep learning at the edge},
 volume = {102},
 year = {2021}
}

@article{singh2024systematic,
 author = {Singh, Jaiteg and Tyagi, Noopur and Singh, Saravjeet and Ali, Farman and Kwak, Daehan},
 doi = {10.1109/jiot.2024.3416255},
 journal = {IEEE Internet of Things Journal},
 publisher = {IEEE},
 title = {A systematic review of contemporary indoor positioning systems: Taxonomy, techniques, and algorithms},
 year = {2024}
}

@article{Sreenivasulu2020UWBLE,
 author = {Sreenivasulu Pala and Sarada Jayan and Dhanesh G. Kurup},
 doi = {10.1016/j.adhoc.2019.102017},
 issn = {1570-8705},
 journal = {Ad Hoc Networks},
 keywords = {UWB, Localization, Leading-edge detection},
 pages = {102017},
 title = {An accurate UWB based localization system using modified leading edge detection algorithm},
 volume = {97},
 year = {2020}
}

@inproceedings{stahlke2020nlos,
 author = {Stahlke, Maximilian and Kram, Sebastian and Mutschler, Christopher and Mahr, Thomas},
 booktitle = {2020 International Conference on Localization and GNSS (ICL-GNSS)},
 doi = {10.1109/icl-gnss49876.2020.9115498},
 organization = {IEEE},
 pages = {1--6},
 title = {NLOS detection using UWB channel impulse responses and convolutional neural networks},
 year = {2020}
}

@inproceedings{Tran2022UWB,
 author = {Tran, Vu and Dai, Zhuangzhuang and Trigoni, Niki and Markham, Andrew},
 booktitle = {2022 IEEE/RSJ International Conference on Intelligent Robots and Systems (IROS)},
 doi = {10.1109/IROS47612.2022.9981931},
 keywords = {Adaptation models;Navigation;Neural networks;Robot sensing systems;Distance measurement;Sensors;Topology},
 number = {},
 pages = {13300-13307},
 title = {DeepCIR: Insights into CIR-based Data-driven UWB Error Mitigation},
 volume = {},
 year = {2022}
}

@article{venkatesh2007non,
 author = {Venkatesh, S and Buehrer, RM},
 doi = {10.1049/iet-map:20060273},
 journal = {IET Microwaves, Antennas \& Propagation},
 number = {6},
 pages = {1120--1130},
 publisher = {IET},
 title = {Non-line-of-sight identification in ultra-wideband systems based on received signal statistics},
 volume = {1},
 year = {2007}
}

@inproceedings{wan2000unscented,
 author = {Wan, Eric A and Van Der Merwe, Rudolph},
 booktitle = {Proceedings of the IEEE 2000 adaptive systems for signal processing, communications, and control symposium (Cat. No. 00EX373)},
 doi = {10.5772/9592},
 organization = {Ieee},
 pages = {153--158},
 title = {The unscented Kalman filter for nonlinear estimation},
 year = {2000}
}

@article{wang2014particle,
 author = {Wang, Fa Sheng and Lu, Ming Yu and Zhao, Qing Jie and Yuan, Ze Jian},
 doi = {10.3724/SP.J.1016.2014.01679},
 journal = {Jisuanji Xuebao/Chinese Journal of Computers},
 number = {8},
 pages = {1679--1694},
 publisher = {Science Press},
 title = {Particle filtering algorithm},
 volume = {37},
 year = {2014}
}

@article{Wang2023NLoS,
 article-number = {1678},
 author = {Wang, Fang and Tang, Hai and Chen, Jialei},
 doi = {10.3390/electronics12071678},
 issn = {2079-9292},
 journal = {Electronics},
 number = {7},
 title = {Survey on NLOS Identification and Error Mitigation for UWB Indoor Positioning},
 volume = {12},
 year = {2023}
}

@article{wang2024comprehensive,
 author = {Wang, Shoude and Ahmad, Nur Syazreen},
 doi = {10.1109/access.2024.3519874},
 journal = {IEEE Access},
 publisher = {IEEE},
 title = {A Comprehensive Review on Sensor Fusion Techniques for Localization of a Dynamic Target in GPS-Denied Environments},
 year = {2024}
}

@article{wang2024robust,
 author = {Wang, Shoude and Ahmad, Nur Syazreen},
 doi = {10.1109/access.2024.3480236},
 journal = {IEEE Access},
 publisher = {IEEE},
 title = {Robust classification of UWB NLOS/LOS using combined FCE and XGBoost algorithms},
 year = {2024}
}

@article{Yang2021LOC,
 article-number = {8086},
 author = {Yang, Tian and Cabani, Adnane and Chafouk, Houcine},
 doi = {10.3390/s21238086},
 issn = {1424-8220},
 journal = {Sensors},
 number = {23},
 pubmedid = {34884090},
 title = {A Survey of Recent Indoor Localization Scenarios and Methodologies},
 volume = {21},
 year = {2021}
}

@article{yang2023self,
 author = {Yang, Bo and Li, Jun and Shao, Zhanpeng and Zhang, Hong},
 doi = {10.1109/jsen.2023.3258432},
 journal = {IEEE Sensors Journal},
 number = {9},
 pages = {9549--9559},
 publisher = {IEEE},
 title = {Self-supervised deep location and ranging error correction for UWB localization},
 volume = {23},
 year = {2023}
}

@article{yu2018novel,
 author = {Yu, Kegen and Wen, Kai and Li, Yingbing and Zhang, Shuai and Zhang, Kefei},
 doi = {10.1109/tvt.2018.2883810},
 journal = {IEEE Transactions on Vehicular Technology},
 number = {1},
 pages = {686--699},
 publisher = {IEEE},
 title = {A novel NLOS mitigation algorithm for UWB localization in harsh indoor environments},
 volume = {68},
 year = {2018}
}

@inproceedings{Zand2019PhaseBLE,
 author = {Zand, Pouria and Romme, Jac and Govers, Jochem and Pasveer, Frank and Dolmans, Guido},
 booktitle = {2019 {IEEE} Wireless Communications and Networking Conference ({WCNC})},
 doi = {10.1109/WCNC.2019.8885791},
 keywords = {Bluetooth Low Energy (BLE);ranging;localization;phase-measurement;channel hopping;CTE},
 number = {},
 pages = {1-8},
 title = {A high-accuracy phase-based ranging solution with {B}luetooth {L}ow {E}nergy ({BLE})},
 volume = {},
 year = {2019}
}

@inproceedings{Zeng2018NLOS,
 author = {Zeng, Zhuoqi and Liu, Steven and Wang, Lei},
 booktitle = {2018 12th International Conference on Signal Processing and Communication Systems (ICSPCS)},
 doi = {10.1109/ICSPCS.2018.8631718},
 keywords = {Support vector machines;Delays;Feature extraction;Convolution;Testing;Standards;Nonlinear optics;localization;UWB;NLOS identification;CIR;SVM;convolution algorithm},
 number = {},
 pages = {1-6},
 title = {NLOS Identification for UWB Based on Channel Impulse Response},
 volume = {},
 year = {2018}
}

@article{zhang2023research,
 author = {Zhang, Hao and Wang, Qing and Li, Zehui and Mi, Jing and Zhang, Kai},
 doi = {10.3390/rs15143555},
 journal = {Remote Sensing},
 number = {14},
 pages = {3555},
 publisher = {MDPI},
 title = {Research on high precision positioning method for pedestrians in indoor complex environments based on UWB/IMU},
 volume = {15},
 year = {2023}
}

@article{konatowski2016comparison,
  title={Comparison of estimation accuracy of EKF, UKF and PF filters},
  author={Konatowski, Stanis{\l}aw and Kaniewski, Piotr and Matuszewski, Jan},
  journal={Annual of Navigation},
  number={23},
  pages={69--87},
  year={2016},
  publisher={Polskie Forum Nawigacyjne},
  doi={10.1515/aon-2016-0005 }
}

@inproceedings{attention,
author = {Vaswani, Ashish and Shazeer, Noam and Parmar, Niki and Uszkoreit, Jakob and Jones, Llion and Gomez, Aidan N. and Kaiser, \L{}ukasz and Polosukhin, Illia},
title = {Attention is all you need},
year = {2017},
publisher = {Curran Associates Inc.},
booktitle = {Proceedings of the 31st International Conference on Neural Information Processing Systems},
pages = {6000–6010},
numpages = {11},
location = {Long Beach, California, USA},
series = {NIPS'17},
doi = {10.5555/3295222.3295349}
}

@inproceedings{2022-simple-yet,
    title = "A Simple yet Effective Learnable Positional Encoding Method for Improving Document Transformer Model",
    author = "Wang, Guoxin  and
      Lu, Yijuan  and
      Cui, Lei  and
      Lv, Tengchao  and
      Florencio, Dinei  and
      Zhang, Cha",
    editor = "He, Yulan  and
      Ji, Heng  and
      Li, Sujian  and
      Liu, Yang  and
      Chang, Chua-Hui",
    booktitle = "Findings of the Association for Computational Linguistics: AACL-IJCNLP 2022",
    month = nov,
    year = "2022",
    address = "Online only",
    publisher = "Association for Computational Linguistics",
    doi = "10.18653/v1/2022.findings-aacl.42",
    pages = "453--463",
}

@inproceedings{2019-bert,
    title = "{BERT}: Pre-training of Deep Bidirectional Transformers for Language Understanding",
    author = "Devlin, Jacob  and
      Chang, Ming-Wei  and
      Lee, Kenton  and
      Toutanova, Kristina",
    editor = "Burstein, Jill  and
      Doran, Christy  and
      Solorio, Thamar",
    booktitle = "Proceedings of the 2019 Conference of the North {A}merican Chapter of the Association for Computational Linguistics: Human Language Technologies, Volume 1 (Long and Short Papers)",
    month = jun,
    year = "2019",
    address = "Minneapolis, Minnesota",
    publisher = "Association for Computational Linguistics",
    doi = "10.18653/v1/N19-1423",
    pages = "4171--4186",
}

@misc{paszke2019pytorch,
      title={PyTorch: An Imperative Style, High-Performance Deep Learning Library}, 
      author={Adam Paszke and Sam Gross and Francisco Massa and Adam Lerer and James Bradbury and Gregory Chanan and Trevor Killeen and Zeming Lin and Natalia Gimelshein and Luca Antiga and Alban Desmaison and Andreas Köpf and Edward Yang and Zach DeVito and Martin Raison and Alykhan Tejani and Sasank Chilamkurthy and Benoit Steiner and Lu Fang and Junjie Bai and Soumith Chintala},
      year={2019},
      eprint={1912.01703},
      archivePrefix={arXiv},
      primaryClass={cs.LG},
      doi = "10.48550/arXiv.1912.01703"
}

@article{Wang2022GDOP,
author = {Chuanyang Wang and Yipeng Ning and Jian Wang and Longping Zhang and Jun Wan and Qimin He and},
title = {Optimized deployment of anchors based on GDOP minimization for ultra-wideband positioning},
journal = {Journal of Spatial Science},
volume = {67},
number = {3},
pages = {455--472},
year = {2022},
publisher = {Taylor \& Francis},
doi = {10.1080/14498596.2020.1846634},
}

@article{Levanon2000GDOP,
author = {Levanon, Nadav},
year = {2000},
month = {07},
pages = {149 - 155},
title = {Lowest GDOP in 2-D scenarios},
volume = {147},
journal = {Radar, Sonar and Navigation, IEE Proceedings -},
doi = {10.1049/ip-rsn:20000322}
}

@misc{yaroshevych_2025_rangecir,
  author       = {Yaroshevych, Andrii},
  title        = {RangeCIR: A UWB CIR Dataset for Range Error
                   Mitigation and LoS/NLoS Classification under
                   Human-Induced Occlusion},
  year         = 2025,
  publisher    = {Zenodo},
  version      = {1.0.0},
  doi          = {10.5281/zenodo.15226383},
}


@inbook{wiley_kalman,
author = {Haykin, Simon},
publisher = {John Wiley \& Sons, Ltd},
title = {Kalman Filters},
booktitle = {Kalman Filtering and Neural Networks},
chapter = {1},
pages = {1-21},
doi = {https://doi.org/10.1002/0471221546.ch1},
year = {2001},
keywords = {Kalman filter, optimum estates, divergence phenomenon, square-root filtering, Rauch-Tung-Striebel smoother, extended Kalman filter},
}